@online{efpa2025,
  title   = {Exámenes de Certificación EFA},
  author  = {{EFPA España}},
  year    = {2025},
  url     = {https://www.efpa.es/examenes-certificacion-efa},
  note    = {Accedido el 25 de marzo de 2025}
}
